@inbook{FEM,
author={SolidWorks US},
title={Finite Element Analysis},
chapter={Finite Element Analysis (FEA) Overview},
page={1},
publisher={\url{http://www.solidworks.com/sw/products/simulation/finite-element-analysis.htm}},
year={consulté en mai 2013},
}

@inbook{NOAA,
author={NOAA},
title={Tsunami Warning and Advisory},
chapter={Honshu Tsunami},
page={1},
publisher={\url{http://oldwcatwc.arh.noaa.gov/2011/03/11/lhvpd9/06/messagelhvpd9-06.htm}},
year={consulté en mai 2013},
}